@Article{Bow93,
  author = 	 {Bowman, M. and Debray, S.K.and Peterson, L.L.},
  title = 	 {Reasoning about naming systems},
  journal = 	 {ACM Trans. Program. Lang. Syst.},
  year = 	 {1993},
  OPTkey = 	 {},
  volume = 	 {15},
  number = 	 {5},
  pages = 	 {795--825},
  month = 	 {Nov},
}

@TechReport{Ding97,
  author = 	 {Ding, W. and Marchionini, G.},
  title = 	 {A Study on Video Browsing Strategies. Technical Report},
  institution =  {University of Maryland at College Park},
  year = 	 {1997},
}

@Book{Tavel07,
  author = 	 {Tavel, P.},
  title = 	 {Modeling and Simulation Design},
  publisher = 	 {AK Peters Ltd.},
  year = 	 {2007},
  address = 	 {Natick, MA, USA},
}

@InBook{Greiner99,
  author = 	 {Greiner, R.},
  ALTeditor = 	 {},
  title = 	 {The Encyclopedia of Cognitive Science},
  chapter = 	 {Explanation-based learning},
  publisher = 	 {MIT Press},
  year = 	 {1999},
  address = 	 {Cambridge, MA, USA.},
  pages = 	 {301-303},
}

@InProceedings{Frohlic00,
  author = 	 {Fr\"ohlich, B. and Plate, J.},
  title = 	 {The cubic mouse: a new device for three-dimensional input},
  booktitle =    {Proceedings of the SIGCHI Conference on Human Factors in Computing Systems},
  year = 	 {2000},
  pages = 	 {526-531},
  month = 	 {April},
  address = 	 {The Hague, The Netherlands},
  organization = {ACM},
  note = 	 {DOI= \url{http://doi.acm.org/10.1145/332040.332491}},
}

@Misc{Steele04,
  author = 	 {Steele, B.},
  title = 	 {Look, Ma, no wires! Cornell class project tests wireless  networking},
  howpublished = {\url{http://www.news.cornell.edu/Chronicle/00/5.18.00/wireless_class.html}},
  month = 	 {February},
  year = 	 {2004},
  note = 	 {Cornell Chronicle, 31 from Columbia University},
}

@Misc{Oxygen,
  title = 	 {MIT Project Oxygen: Overview},
  howpublished = {\url{http://oxygen.lcs.mit.edu/Overview.html}},
  year = 	 {2004},
  note = 	 {Computer Science and Artificial Intelligence Laboratory, Massachusetts Institute of Technology},
}
